@inproceedings{keskar2017largebatch,
  title={On Large-Batch Training for Deep Learning: Generalization Gap and Sharp Minima},
  author={Keskar, Nitish Shirish and Mudigere, Dheevatsa and Nocedal, Jorge and Smelyanskiy, Mikhail and Tang, Ping Tak Peter},
  booktitle={International Conference on Learning Representations (ICLR)},
  year={2017}
}
